@Book{Cameron+Trivedi:2013,
  author = {A. Colin Cameron and Pravin K. Trivedi},
  title = {Regression Analysis of Count Data},
  year = {2013},
  edition = {2nd},
  publisher = {Cambridge University Press},
  address = {Cambridge},
}

@Book{Chambers+Hastie:1992,
  editor = {John M. Chambers and Trevor J. Hastie},
  title = {Statistical Models in \proglang{S}},
  publisher = {Chapman \& Hall},
  year = {1992},
  address = {London},
}

@Manual{Jackman:2015,
  title = {\pkg{pscl}: Classes and Methods for \proglang{R} Developed in the Political Science Computational Laboratory, Stanford University},
  author = {Simon Jackman},
  year = {2015},
  note = {\proglang{R} package version 1.4.9},
  url = {https://CRAN.R-project.org/package=pscl},
}

@Article{Mullahy:1986,
  author = {John Mullahy},
  title = {Specification and Testing of Some Modified Count Data Models},
  year = {1986},
  journal = {Journal of Econometrics},
  volume = {33},
  number = {3},
  pages = {341--365},
  doi = {10.1016/0304-4076(86)90002-3},
}

@Book{McCullagh+Nelder:1989,
  author = {Peter McCullagh and John A. Nelder},
  title = {Generalized Linear Models},
  edition = {2nd},
  year = {1989},
  publisher = {Chapman \& Hall},
  address = {London},
  doi = {10.1007/978-1-4899-3242-6},
}

@Manual{R,
  title = {\proglang{R}: {A} Language and Environment for Statistical Computing},
  author = {{\proglang{R} Core Team}},
  organization = {\proglang{R} Foundation for Statistical Computing},
  address = {Vienna, Austria},
  year = {2019},
  url = {https://www.R-project.org/},
}

@Article{Stasinopoulos+Rigby:2007,
  author = {D. Mikis Stasinopoulos and Robert A. Rigby},
  title = {Generalized Additive Models for Location Scale and Shape ({GAMLSS}) in \proglang{R}},
  journal = {Journal of Statistical Software},
  year = {2007},
  volume = {23},
  number = {7},
  pages = {1--46},
  doi = {10.18637/jss.v023.i07},
}

@Book{Venables+Ripley:2002,
  author = {William N. Venables and Brian D. Ripley},
  title = {Modern Applied Statistics with \proglang{S}},
  edition = {4th},
  year = {2002},
  pages = {495},
  publisher = {Springer-Verlag},
  address = {New York},
  doi = {10.1007/978-0-387-21706-2},
}

@Book{Wood:2006,
  author = {Simon N. Wood},
  title = {Generalized Additive Models: An Introduction with \proglang{R}},
  year = {2006},
  publisher = {Chapman \& Hall/CRC},
  address = {Boca Raton},
}

@Article{Yee:2009,
  author = {Thomas W. Yee},
  title = {The \pkg{VGAM} Package for Categorical Data Analysis},
  journal = {Journal of Statistical Software},
  year = {2010},
  volume = {32},
  number = {10},
  pages = {1--34},
  doi = {10.18637/jss.v032.i10},
}

@Article{Zeileis+Kleiber+Jackman:2008,
  author = {Achim Zeileis and Christian Kleiber and Simon Jackman},
  title = {Regression Models for Count Data in \proglang{R}},
  journal = {Journal of Statistical Software},
  year = {2008},
  volume = {27},
  number = {8},
  pages = {1--25},
  doi = {10.18637/jss.v027.i08},
}

@misc{Lubbe2018,
author = {Lubbe, Sugnet},
title = {Personal Communication},
year = {2018}
}

@book{greenacre2010biplots,
  title={Biplots in Practice},
  author={Greenacre, Michael J},
  year={2010},
  publisher={Fundacion BBVA},
  url = {https://www.fbbva.es/en/publicaciones/biplots-in-practice-7/}
}

@manual{jss_style_guide,
author = {Achiem Zeileis},
title = {{JSS}: A Document Class for Publications in the Journal of Statistical Software},
year = {2017},
url = {https://www.jstatsoft.org/public/journals/1/jss-style-only.zip},
OPTurldate = {30-01-2019}
}

@manual{matlab,
author = {The MathWorks, Inc.},
title = {MATLAB Release 2018b},
year = {2018},
address = {Natick, Massachusetts, United States},
url = {https://nl.mathworks.com/},
}


@inproceedings{Julia,
    author = "Jeff Bezanzon and Stefan Karpinski and Viral Shah and Alan Edelman",
    booktitle = "Lang.{NEXT}",
    year = "2012",
    month = apr,
    title = "Julia: A Fast Dynamic Language for Technical Computing",
    url = "http://arxiv.org/abs/1209.5145"
}

@manual{python,
author = {{Python Software Foundation}},
title = {Python Language Reference, version 3.7.2},
year = {2019},
url = {https://www.python.org/},
}

 @manual{octave,
   title     = {{GNU Octave} Version 4.4.1 Manual: a High-Level Interactive Language for Numerical Computations},
   author    = {John W. Eaton and David Bateman and S{\o}ren Hauberg and Rik Wehbring},
   year      = {2017},
   url       = {https://www.gnu.org/software/octave/doc/v4.4.1/},
 }

@Book{mass,
    title = {Modern Applied Statistics with S},
    author = {W. N. Venables and B. D. Ripley},
    publisher = {Springer},
    edition = {Fourth},
    address = {New York},
    year = {2002},
    note = {ISBN 0-387-95457-0},
    url = {http://www.stats.ox.ac.uk/pub/MASS4},
  }
  
@article{vandeveldenetal2009seriation,
    title={Seriation by Constrained Correspondence Analysis: A Simulation Study},
    author={Van de Velden, Michel and Groenen, Patrick J. F.  and Poblome, Jeroen},
    journal={Computational Statistics \& Data Analysis},
    volume={53},
    number={8},
    pages={3129--3138},
    year={2009},
    publisher={Elsevier},
    doi = {https://doi.org/10.1016/j.csda.2008.08.020}
  }