@article{cook_manual_1997,
	title        = {Manual {Controls} for {High}-{Dimensional} {Data} {Projections}},
	author       = {Cook, Dianne and Buja, Andreas},
	year         = 1997,
	journal      = {Journal of Computational and Graphical Statistics},
	volume       = 6,
	number       = 4,
	pages        = {464--480},
	doi          = {10.2307/1390747},
	issn         = {1061-8600},
	url          = {http://www.jstor.org/stable/1390747},
	urldate      = {2018-04-15},
}
@misc{munzner_visualization_2014,
	title        = {Visualization analysis and design},
	author       = {Munzner, Tamara},
	year         = 2014,
}
@article{van_der_maaten_visualizing_2008,
	title        = {Visualizing {Data} {Using} t-{SNE}},
	author       = {van der Maaten, Laurens and Hinton, Geoffrey},
	year         = 2008,
	journal      = {Journal of machine learning research},
	volume       = 9,
	number       = {Nov},
	pages        = {2579--2605},
}
@article{wickham_tourr:_2011,
	title        = {tourr: {An} {R} {Package} for {Exploring} {Multivariate} {Data} with {Projections}},
	shorttitle   = {\textbf{tourr}},
	author       = {Wickham, Hadley and Cook, Dianne and Hofmann, Heike and Buja, Andreas},
	year         = 2011,
	journal      = {Journal of Statistical Software},
	volume       = 40,
	number       = 2,
	doi          = {10.18637/jss.v040.i02},
	issn         = {1548-7660},
	url          = {http://www.jstatsoft.org/v40/i02/},
	urldate      = {2018-11-23},
	language     = {en},
}
@article{asimov_grand_1985,
	title        = {The {Grand} {Tour}: a {Tool} for {Viewing} {Multidimensional} {Data}},
	shorttitle   = {The grand tour},
	author       = {Asimov, Daniel},
	year         = 1985,
	journal      = {SIAM journal on scientific and statistical computing},
	volume       = 6,
	number       = 1,
	pages        = {128--143},
	doi          = {https://doi.org/10.1137/0906011},
}
@article{sedlmair_empirical_2013,
	title        = {Empirical {Guidance} on {Scatterplot} and {Dimension} {Reduction} {Technique} {Choices}},
	author       = {Sedlmair, Michael and Munzner, Tamara and Tory, Melanie},
	year         = 2013,
	journal      = {IEEE Transactions on Visualization \& Computer Graphics},
	number       = 12,
	pages        = {2634--2643},
}
@article{gracia_new_2016,
	title        = {New {Insights} into the {Suitability} of the {Third} {Dimension} for {Visualizing} {Multivariate}/{Multidimensional} {Data}: {A} {Study} {Based} on {Loss} of {Quality} {Quantification}},
	shorttitle   = {New insights into the suitability of the third dimension for visualizing multivariate/multidimensional data},
	author       = {Gracia, Antonio and GonzÃ¡lez, Santiago and Robles, VÃ­ctor and Menasalvas, Ernestina and von Landesberger, Tatiana},
	year         = 2016,
	journal      = {Information Visualization},
	volume       = 15,
	number       = 1,
	pages        = {3--30},
	doi          = {10.1177/1473871614556393},
	issn         = {1473-8716},
	url          = {https://doi.org/10.1177/1473871614556393},
	urldate      = {2018-08-20},
	language     = {en},
}
@book{karwowski_international_2006,
	title        = {International {Encyclopedia} of {Ergonomics} and {Human} {Factors}, -3 {Volume} {Set}},
	author       = {Karwowski, Waldemar},
	year         = 2006,
	publisher    = {CRC Press},
}
@book{tukey_exploratory_1977,
	title        = {Exploratory {Data} {Analysis}},
	author       = {Tukey, John W.},
	year         = 1977,
	publisher    = {Pearson},
	volume       = 32,
	isbn         = {978-0-201-07616-5},
}
@article{pearson_liii._1901,
	title        = {{LIII}. {On} {Lines} and {Planes} of {Closest} fit to {Systems} of {Points} in {Space}},
	author       = {Pearson, Karl},
	year         = 1901,
	journal      = {The London, Edinburgh, and Dublin Philosophical Magazine and Journal of Science},
	volume       = 2,
	number       = 11,
	pages        = {559--572}
}
@article{chambers_graphical_1983,
	title        = {Graphical {Methods} for {Data} {Analysis}},
	author       = {Chambers, J.M. and Cleveland, W.S. and Kleiner, B. and Tukey, P.A.},
	year         = 1983,
	language     = {eng}
}
@inproceedings{matejka_same_2017,
	title        = {Same {Stats}, {Different} {Graphs}: {Generating} {Datasets} with {Varied} {Appearance} and {Identical} {Statistics} through {Simulated} {Annealing}},
	shorttitle   = {Same {Stats}, {Different} {Graphs}},
	author       = {Matejka, Justin and Fitzmaurice, George},
	year         = 2017,
	booktitle    = {Proceedings of the 2017 {CHI} {Conference} on {Human} {Factors} in {Computing} {Systems}  - {CHI} '17},
	publisher    = {ACM Press},
	address      = {Denver, Colorado, USA},
	pages        = {1290--1294},
	doi          = {10.1145/3025453.3025912},
	isbn         = {978-1-4503-4655-9},
	url          = {http://dl.acm.org/citation.cfm?doid=3025453.3025912},
	urldate      = {2018-12-19},
	language     = {en},
}
@article{anscombe_graphs_1973,
	title        = {Graphs in {Statistical} {Analysis}},
	author       = {Anscombe, F. J.},
	year         = 1973,
	journal      = {The American Statistician},
	volume       = 27,
	number       = 1,
	pages        = {17--21},
	doi          = {10.2307/2682899},
	issn         = {0003-1305},
	url          = {http://www.jstor.org/stable/2682899},
	urldate      = {2018-12-19},
}
@book{ocagne_coordonnees_1885,
	title        = {Coordonne'es paralle'les et axiales. {Me}'thode de transformation ge'ome'trique et proce'de' nouveau de calcul graphique de'duits de la conside'ration des coordonne'es paralle'les},
	author       = {Ocagne, Maurice d'},
	year         = 1885,
	publisher    = {Gauthier-Villars},
	address      = {Paris},
	language     = {French}
}
@incollection{cook_grand_2008,
	title        = {Grand {Tours}, {Projection} {Pursuit} {Guided} {Tours}, and {Manual} {Controls}},
	author       = {Cook, Dianne and Buja, Andreas and Lee, Eun-Kyung and Wickham, Hadley},
	year         = 2008,
	booktitle    = {Handbook of {Data} {Visualization}},
	publisher    = {Springer Berlin Heidelberg},
	address      = {Berlin, Heidelberg},
	pages        = {295--314},
	doi          = {10.1007/978-3-540-33037-0_13},
	isbn         = {978-3-540-33036-3 978-3-540-33037-0},
	url          = {http://link.springer.com/10.1007/978-3-540-33037-0_13},
	urldate      = {2018-08-21},
	language     = {en},
}
@inproceedings{wagner_filho_immersive_2018,
	title        = {Immersive {Visualization} of {Abstract} {Information}: {An} {Evaluation} on {Dimensionally}-{Reduced} {Data} {Scatterplots}},
	shorttitle   = {Immersive {Visualization} of {Abstract} {Information}},
	author       = {Wagner Filho, Jorge and Rey, Marina and Freitas, Carla and Nedel, Luciana},
	year         = 2018,
}
@article{ribeiro_why_2016,
	title        = {"{Why} {Should} {I} {Trust} {You}?": {Explaining} the {Predictions} of {Any} {Classifier}},
	shorttitle   = {"{Why} {Should} {I} {Trust} {You}?},
	author       = {Ribeiro, Marco Tulio and Singh, Sameer and Guestrin, Carlos},
	year         = 2016,
	journal      = {arXiv:1602.04938 [cs, stat]},
	url          = {http://arxiv.org/abs/1602.04938},
	urldate      = {2018-08-20},
}
@article{spyrison_spinifex_2020,
	title        = {spinifex: an {R} {Package} for {Creating} a {Manual} {Tour} of {Low}-dimensional {Projections} of {Multivariate} {Data}},
	shorttitle   = {spinifex},
	author       = {Spyrison, Nicholas and Cook, Dianne},
	year         = 2020,
	journal      = {The R Journal},
	volume       = 12,
	number       = 1,
	pages        = 243,
	doi          = {10.32614/RJ-2020-027},
	issn         = {2073-4859},
	url          = {https://journal.r-project.org/archive/2020/RJ-2020-027/index.html},
	urldate      = {2020-10-16},
	copyright    = {All rights reserved},
	language     = {en},
}
@article{goodman_dirty_2008,
	title        = {A {Dirty} {Dozen}: {Twelve} {P}-{Value} {Misconceptions}},
	shorttitle   = {A {Dirty} {Dozen}},
	author       = {Goodman, Steven},
	year         = 2008,
	journal      = {Seminars in Hematology},
	series       = {Interpretation of {Quantitative} {Research}},
	volume       = 45,
	number       = 3,
	pages        = {135--140},
	doi          = {10.1053/j.seminhematol.2008.04.003},
	issn         = {0037-1963},
	url          = {http://www.sciencedirect.com/science/article/pii/S0037196308000620},
	urldate      = {2020-09-08},
	language     = {en},
}
@article{scrucca_mclust_2016,
	title        = {mclust 5: {Clustering}, {Classification} and {Density} {Estimation} {Using} {Gaussian} {Finite} {Mixture} {Models}},
	shorttitle   = {mclust 5},
	author       = {Scrucca, Luca and Fop, Michael and Murphy, T. Brendan and Raftery, Adrian E.},
	year         = 2016,
	journal      = {The R journal},
	volume       = 8,
	number       = 1,
	pages        = {289--317},
	issn         = {2073-4859},
	url          = {https://www.ncbi.nlm.nih.gov/pmc/articles/PMC5096736/},
	urldate      = {2020-08-30},
	pmid         = 27818791,
	pmcid        = {PMC5096736},
}
@article{wickham_visualizing_2015,
	title        = {Visualizing statistical models: {Removing} the blindfold},
	shorttitle   = {Visualizing statistical models},
	author       = {Wickham, Hadley and Cook, Dianne and Hofmann, Heike},
	year         = 2015,
	journal      = {Statistical Analysis and Data Mining: The ASA Data Science Journal},
	volume       = 8,
	number       = 4,
	pages        = {203--225},
	doi          = {10.1002/sam.11271},
	issn         = 19321864,
	url          = {http://doi.wiley.com/10.1002/sam.11271},
	urldate      = {2018-03-16},
	language     = {en},
}
@book{r_core_team_r:_2020,
	title        = {R: {A} {Language} and {Environment} for {Statistical} {Computing}},
	author       = {{R Core Team}},
	year         = 2020,
	publisher    = {R Foundation for Statistical Computing},
	address      = {Vienna, Austria},
	url          = {https://www.R-project.org/}
}
@book{xie_r_2018,
	title        = {R {Markdown}: {The} {Definitive} {Guide}},
	author       = {Xie, Yihui and Allaire, J. J. and Grolemund, Garrett},
	year         = 2018,
	publisher    = {Chapman and Hall/CRC},
	address      = {Boca Raton, Florida},
	url          = {https://bookdown.org/yihui/rmarkdown}
}
@book{chang_shiny_2020,
	title        = {shiny: {Web} {Application} {Framework} for {R}},
	author       = {Chang, Winston and Cheng, Joe and Allaire, J. J. and Xie, Yihui and McPherson, Jonathan},
	year         = 2020,
	url          = {https://CRAN.R-project.org/package=shiny}
}
@inproceedings{coleman_geometric_1986,
	title        = {Geometric {Features} of {Pollen} {Grains}},
	author       = {Coleman, David},
	year         = 1986,
	publisher    = {Statistical Computing Statistical Graphics},
	url          = {http://stat-computing.org/dataexpo/1986.html},
	urldate      = {2021-02-05},
}
@book{bellman_dynamic_1957,
	title        = {Dynamic {Programming}},
	author       = {Bellman, Richard Ernest},
	year         = 1957,
	publisher    = {Princeton University Press},
	isbn         = {978-0-691-07951-6},
	url          = {https://books.google.com.au/books?id=fyVtp3EMxasC&redir_esc=y},
	urldate      = {2021-02-08},
}
@article{palan_prolific_2018,
	title        = {Prolific: A Subject Pool for Online Experiments},
	author       = {Palan, Stefan and Schitter, Christian},
	year         = 2018,
	journal      = {Journal of Behavioral and Experimental Finance},
	volume       = 17,
	pages        = {22--27},
}
@article{nakagawa_coefficient_2017,
	title        = {The {Coefficient} of {Determination} {R} 2 and {Intra}-{Class} {Correlation} {Coefficient} from {Generalized} {Linear} {Mixed}-{Effects} {Models} {Revisited} and {Expanded}},
	author       = {Nakagawa, Shinichi and Johnson, Paul CD and Schielzeth, Holger},
	year         = 2017,
	journal      = {Journal of the Royal Society Interface},
	volume       = 14,
	number       = 134,
	pages        = 20170213,
}
@article{lee_state_2021,
	title        = {The state-of-the-art on tours for dynamic visualization of high-dimensional data},
	author       = {Lee, Stuart and Cook, Dianne and da Silva, Natalia and Laa, Ursula and Spyrison, Nicholas and Wang, Earo and Zhang, H. Sherry},
	year         = 2021,
	journal      = {WIREs Computational Statistics},
	volume       = {n/a},
	number       = {n/a},
	pages        = {e1573},
	doi          = {10.1002/wics.1573},
	issn         = {1939-0068},
	url          = {https://onlinelibrary.wiley.com/doi/abs/10.1002/wics.1573},
	urldate      = {2021-12-10},
	language     = {en},
}
@article{bertini_quality_2011,
	title        = {Quality metrics in high-dimensional data visualization: {An} overview and systematization},
	shorttitle   = {Quality metrics in high-dimensional data visualization},
	author       = {Bertini, Enrico and Tatu, Andrada and Keim, Daniel},
	year         = 2011,
	journal      = {IEEE Transactions on Visualization and Computer Graphics},
	volume       = 17,
	number       = 12,
	pages        = {2203--2212},
}
@article{liu_visualizing_2017,
	title        = {Visualizing {High}-{Dimensional} {Data}: {Advances} in the {Past} {Decade}},
	shorttitle   = {Visualizing {High}-{Dimensional} {Data}},
	author       = {Liu, Shusen and Maljovec, Dan and Wang, Bei and Bremer, Peer-Timo and Pascucci, Valerio},
	year         = 2017,
	journal      = {IEEE Transactions on Visualization and Computer Graphics},
	volume       = 23,
	number       = 3,
	pages        = {1249--1268},
	doi          = {10.1109/TVCG.2016.2640960},
	issn         = {1941-0506},
}
@article{van_der_maaten_dimensionality_2009,
	title        = {Dimensionality {Reduction}: a {Comparative} {Review}},
	shorttitle   = {Dimensionality reduction},
	author       = {van der Maaten, Laurens and Postma, Eric and Van den Herik, Jaap},
	year         = 2009,
	journal      = {J Mach Learn Res},
	volume       = 10,
	number       = {66-71},
	pages        = 13,
}
@article{biecek_dalex_2018,
	title        = {{DALEX}: explainers for complex predictive models in {R}},
	shorttitle   = {{DALEX}},
	author       = {Biecek, Przemyslaw},
	year         = 2018,
	journal      = {The Journal of Machine Learning Research},
	volume       = 19,
	number       = 1,
	pages        = {3245--3249},
}
@book{biecek_explanatory_2021,
	title        = {Explanatory {Model} {Analysis}: {Explore}, {Explain}, and {Examine} {Predictive} {Models}},
	shorttitle   = {Explanatory {Model} {Analysis}},
	author       = {Biecek, Przemyslaw and Burzykowski, Tomasz},
	year         = 2021,
	publisher    = {CRC Press},
	isbn         = {978-0-429-65137-3},
	language     = {en},
}
@article{lundberg_unified_2017,
	title        = {A unified approach to interpreting model predictions},
	author       = {Lundberg, Scott and Lee, Su-In},
	year         = 2017,
	journal      = {arXiv preprint arXiv:1705.07874},
}
@article{yanai_hypothesis_2020,
	title        = {A hypothesis is a liability},
	author       = {Yanai, Itai and Lercher, Martin},
	year         = 2020,
	journal      = {Genome Biology},
	volume       = 21,
	number       = 1,
	pages        = 231,
	doi          = {10.1186/s13059-020-02133-w},
	issn         = {1474-760X},
	url          = {https://doi.org/10.1186/s13059-020-02133-w},
	urldate      = {2021-08-24},
}
@article{adadi_peeking_2018,
	title        = {Peeking inside the black-box: a survey on explainable artificial intelligence ({XAI})},
	shorttitle   = {Peeking inside the black-box},
	author       = {Adadi, Amina and Berrada, Mohammed},
	year         = 2018,
	journal      = {IEEE access},
	volume       = 6,
	pages        = {52138--52160},
}
@article{arrieta_explainable_2020,
	title        = {Explainable {Artificial} {Intelligence} ({XAI}): {Concepts}, taxonomies, opportunities and challenges toward responsible {AI}},
	shorttitle   = {Explainable {Artificial} {Intelligence} ({XAI})},
	author       = {Arrieta, Alejandro Barredo and Díaz-Rodriguez, Natalia and Del Ser, Javier and Bennetot, Adrien and Tabik, Siham and Barbado, Alberto and García, Salvador and Gil-López, Sergio and Molina, Daniel and Benjamins, Richard},
	year         = 2020,
	journal      = {Information Fusion},
	volume       = 58,
	pages        = {82--115},
}
@article{cattell_scree_1966,
	title = {The scree test for the number of factors},
	volume = {1},
	number = {2},
	journal = {Multivariate behavioral research},
	author = {Cattell, Raymond B.},
	year = {1966},
	note = {Publisher: Taylor \& Francis},
	pages = {245--276},
}
@article{gabriel_biplot_1971,
	title = {The biplot graphic display of matrices with application to principal component analysis},
	volume = {58},
	number = {3},
	journal = {Biometrika},
	author = {Gabriel, Karl Ruben},
	year = {1971},
	pages = {453--467},
}
@book{pedersen_gganimate_2020,
	title = {gganimate: {A} {Grammar} of {Animated} {Graphics}},
	url = {https://CRAN.R-project.org/package=gganimate},
	author = {Pedersen, Thomas Lin and Robinson, David},
	year = {2020},
}
@book{sievert_interactive_2020,
	title = {Interactive {Web}-{Based} {Data} {Visualization} with {R}, plotly, and shiny},
	isbn = {978-1-138-33145-7},
	url = {https://plotly-r.com},
	publisher = {Chapman and Hall/CRC},
	author = {Sievert, Carson},
	year = {2020},
}
